<record><leader>00000cas a22000007a 4500</leader><controlfield tag="001">16796011</controlfield><controlfield tag="008">871001d188u1888paudr ne      0    0eng d</controlfield><datafield ind1=" " ind2=" " tag="010"><subfield code="a">sn 87078354 </subfield></datafield><datafield ind1=" " ind2=" " tag="040"><subfield code="a">NPH</subfield><subfield code="b">eng</subfield><subfield code="c">NPH</subfield><subfield code="d">OCLCQ</subfield></datafield><datafield ind1=" " ind2=" " tag="042"><subfield code="a">msc</subfield></datafield><datafield ind1="0" ind2=" " tag="130"><subfield code="a">Evening star (Bradford, Pa.)</subfield></datafield><datafield ind1="1" ind2="4" tag="245"><subfield code="a">The evening star.</subfield></datafield><datafield ind1="3" ind2="0" tag="246"><subfield code="a">Sunday morning star</subfield></datafield><datafield ind1="3" ind2="0" tag="246"><subfield code="a">Star</subfield></datafield><datafield ind1=" " ind2=" " tag="260"><subfield code="a">Bradford, Pa. :</subfield><subfield code="b">Geo. E. Allen &amp; Co.,</subfield><subfield code="c">-1888.</subfield></datafield><datafield ind1=" " ind2=" " tag="300"><subfield code="a">v. ;</subfield><subfield code="c">55 cm.</subfield></datafield><datafield ind1=" " ind2=" " tag="310"><subfield code="a">Daily</subfield></datafield><datafield ind1="0" ind2=" " tag="362"><subfield code="a">-v. 10, no. 24 (Jan. 30, 1888).</subfield></datafield><datafield ind1=" " ind2=" " tag="500"><subfield code="a">Published as: The star, &lt;Jan. 3&gt;-23, 1888.</subfield></datafield><datafield ind1=" " ind2=" " tag="500"><subfield code="a">Publisher: Star Pub. Co., &lt;1888&gt;.</subfield></datafield><datafield ind1=" " ind2=" " tag="580"><subfield code="a">Sunday issue called: Sunday morning star.</subfield></datafield><datafield ind1=" " ind2=" " tag="588"><subfield code="a">Description based on: Apr. 14, 1884.</subfield></datafield><datafield ind1=" " ind2=" " tag="752"><subfield code="a">United States</subfield><subfield code="b">Pennsylvania</subfield><subfield code="c">McKean</subfield><subfield code="d">Bradford.</subfield></datafield><datafield ind1="0" ind2="0" tag="780"><subfield code="t">Bradford evening star (Bradford, Pa. : 1881)</subfield></datafield><datafield ind1="0" ind2="0" tag="785"><subfield code="t">Bradford evening star (Bradford, Pa. : 1888)</subfield><subfield code="w">(DLC)sn 86063543</subfield></datafield></record>